@Article{oldfield2016hypothetical,
  title = {Hypothetical future orientated positive imagery reduces feelings of social anxiety in a healthy population},
  author = {L Oldfield and J Reay and C Wilson and LM Riby},
  year = {2016},
  journal = {Research in Psychology and Behavioral Sciences},
  publisher = {Science and Education Publishing},
  pubtype = {2},
  date = {2016-01-01},
}
