@Article{soranzo2013effects,
  title = {The effects of belongingness on the simultaneous lightness contrast: a virtual reality study},
  author = {Alessandro Soranzo and Jean-Luc Lugrin and Christopher J Wilson},
  year = {2013},
  volume = {86},
  journal = {Vision research},
  publisher = {Pergamon},
  pages = {97--106},
  pubtype = {2},
  date = {2013-01-01},
}
