@mastersthesis{vural_2018, title={Online detection of pilot workload by using fNIR sensors}, school={Middle East Technical University}, author={Vural, Murat}, year={2018} }
