@Misc{soranzo2015virtual,
  title = {Virtual Environments in Visual Perception: Applications and Challenges},
  author = {Alessandro Soranzo and Christopher J Wilson},
  year = {2015},
  journal = {VIRTUAL REALITY TECHNOLOGIES, MEDICAL APPLICATIONS AND CHALLENGES},
  publisher = {Nova Press},
  pubtype = {0},
  date = {2015-01-01},
}
