@Article{wilson2015use,
  title = {The use of virtual reality in psychology: a case study in visual perception},
  author = {Christopher J Wilson and Alessandro Soranzo},
  year = {2015},
  volume = {2015},
  journal = {Computational and mathematical methods in medicine},
  publisher = {Hindawi Publishing Corporation},
  pubtype = {2},
  date = {2015-01-01},
}
