@Article{wilson2014exactly,
  title = {How Exactly Do I �Let Go�? The Potential of Using ACT to Overcome the Relaxation Paradox},
  author = {Christopher J Wilson and Yvonne Barnes-Holmes and Dermot Barnes-Holmes},
  year = {2014},
  volume = {4},
  journal = {SAGE Open},
  publisher = {SAGE Publications Sage CA: Los Angeles, CA},
  number = {1},
  pages = {2158244014526722},
  pubtype = {2},
  date = {2014-01-01},
}
