@Article{smethurst2015influence,
  title = {The Influence of fMRI Lie Detection Evidence on Jury Decision Making Following Post Trial Deliberations},
  author = {A Smethurst and Christopher J Wilson and Kimberly Collins},
  year = {2015},
  journal = {Applied Psychology in Criminal Justice},
  publisher = {Sam Houston State University},
  pubtype = {2},
  date = {2015-01-01},
}
