@Article{Christopher_Wilson_63062421,
  title = {The Role of Perspective Taking on Attention: A Review of the Special Issue on the Reflexive Attentional Shift Phenomenon},
  author = {Christopher Wilson and Gabriele Pesimena and Christopher J. Wilson and Marco Bertamini and Alessandro Soranzo},
  year = {2019},
  doi = {10.3390/vision3040052},
  journal = {Vision},
  url = {http://doi.org/10.3390/vision3040052},
  pubtype = {2},
  date = {2019-01-01},
}
