@Article{wilson2017attentional,
  title = {Attentional interference is modulated by salience not sentience},
  author = {Christopher J Wilson and Alessandro Soranzo and Marco Bertamini},
  year = {2017},
  volume = {178},
  journal = {Acta Psychologica},
  publisher = {Elsevier},
  pages = {56--65},
  pubtype = {2},
  date = {2017-01-01},
}
