@Article{wilson2014effect,
  title = {The effect of emotion regulation strategies on physiological and self-report measures of anxiety during a stress-inducing academic task},
  author = {Christopher J Wilson},
  year = {2014},
  volume = {14},
  journal = {Revista Internacional de Psicolog\'\ia y Terapia Psicol\'ogica},
  publisher = {La Asociacion de Analisis del Comportamiento},
  number = {1},
  pages = {1--15},
  pubtype = {2},
  date = {2014-01-01},
}
